@article{borgatti2006identifying,
  title={Identifying sets of key players in a social network},
  author={Borgatti, Stephen P},
  journal={Computational \& Mathematical Organization Theory},
  volume={12},
  number={1},
  pages={21--34},
  year={2006},
  publisher={Springer}
}

@article{an2016keyplayer,
  title={keyplayer: An R Package for Locating Key Players in Social Networks.},
  author={An, Weihua and Liu, Yu-Hsin},
  journal={R Journal},
  volume={8},
  number={1},
  year={2016}
}

@article{freeman1978centrality,
  title={Centrality in social networks conceptual clarification},
  author={Freeman, Linton C},
  journal={Social networks},
  volume={1},
  number={3},
  pages={215--239},
  year={1978},
  publisher={Elsevier}
}

@article{jordan2008predicting,
  title={Predicting target selection by terrorists: A network analysis of the 2005 London underground attacks},
  author={Jordan, Ferenc},
  journal={International journal of critical infrastructures},
  volume={4},
  number={1-2},
  pages={206--214},
  year={2008},
  publisher={Inderscience Publishers}
}

@article{batty1997cellular,
  title={Cellular automata and urban form: a primer},
  author={Batty, Michael},
  journal={Journal of the American Planning Association},
  volume={63},
  number={2},
  pages={266--274},
  year={1997},
  publisher={Taylor \& Francis}
}

@article{lee2015complexities,
  title={The complexities of agent-based modeling output analysis},
  author={Lee, Ju-Sung and Filatova, Tatiana and Ligmann-Zielinska, Arika and Hassani-Mahmooei, Behrooz and Stonedahl, Forrest and Lorscheid, Iris and Voinov, Alexey and Polhill, J Gary and Sun, Zhanli and Parker, Dawn C},
  journal={Journal of Artificial Societies and Social Simulation},
  volume={18},
  number={4},
  pages={4},
  year={2015}
}

@article{lee2015complexities,
  title={The complexities of agent-based modeling output analysis},
  author={Lee, Ju-Sung and Filatova, Tatiana and Ligmann-Zielinska, Arika and Hassani-Mahmooei, Behrooz and Stonedahl, Forrest and Lorscheid, Iris and Voinov, Alexey and Polhill, J Gary and Sun, Zhanli and Parker, Dawn C},
  journal={Journal of Artificial Societies and Social Simulation},
  volume={18},
  number={4},
  pages={4},
  year={2015}
}

@article{wilson1971family,
  title={A family of spatial interaction models, and associated developments},
  author={Wilson, Alan Geoffrey},
  journal={Environment and Planning A},
  volume={3},
  number={1},
  pages={1--32},
  year={1971},
  publisher={SAGE Publications Sage UK: London, England}
}

@article{oshan2016primer,
  title={A primer for working with the Spatial Interaction modeling (SpInt) module in the python spatial analysis library (PySAL)},
  author={Oshan, Taylor M},
  journal={Region},
  volume={3},
  number={2},
  pages={11--23},
  year={2016}
}

@article{dennett2012estimating,
  title={Estimating flows between geographical locations:‘get me started in’spatial interaction modelling},
  author={Dennett, Adam},
  journal={Technical report},
  year={2012},
  publisher={Citeseer}
}

@book{fotheringham1989spatial,
  title={Spatial interaction models: formulations and applications},
  author={Fotheringham, A Stewart and O'Kelly, Morton E},
  volume={1},
  year={1989},
  publisher={Kluwer Academic Publishers Dordrecht}
}

@book{rodrigue2016geography,
  title={The geography of transport systems},
  author={Rodrigue, Jean-Paul and Comtois, Claude and Slack, Brian},
  year={2016},
  publisher={Routledge}
}

